<?xml version="1.0" encoding="UTF-8"?><collection xmlns="http://www.loc.gov/MARC21/slim"><record><leader>00520nam--2200181-i-4500</leader><controlfield tag="001">000015956</controlfield><controlfield tag="002">20161230</controlfield><controlfield tag="005">20170106174625</controlfield><controlfield tag="008">060222s1000------------r-----000-0-eng-d</controlfield><datafield ind1=" " ind2=" " tag="040"><subfield code="a">IFIN-HH</subfield></datafield><datafield ind1=" " ind2=" " tag="080"><subfield code="a">62(038)=945.11=590</subfield></datafield><datafield ind1="1" ind2=" " tag="100"><subfield code="a">P©Łlfalvi, Attila</subfield></datafield><datafield ind1="1" ind2="0" tag="245"><subfield code="a">Magyar-rom©Łn m¿łszaki sz©đt©Łr. Dictionar tehnic maghiar-roman</subfield><subfield code="c">Palfalvi Attila, Jenei Dezs¿</subfield></datafield><datafield ind1=" " ind2=" " tag="260"><subfield code="a">Bucuresti</subfield><subfield code="b">Editura Tehnica</subfield><subfield code="c">1987</subfield></datafield><datafield ind1=" " ind2=" " tag="300"><subfield code="a">1360 p</subfield></datafield><datafield ind1="1" ind2=" " tag="700"><subfield code="a">Jenei, Dezs¿</subfield></datafield><datafield ind1=" " ind2=" " tag="852"><subfield code="a">D.684</subfield><subfield code="c">SLT</subfield></datafield><datafield ind1=" " ind2=" " tag="CAT"><subfield code="a">SYS</subfield><subfield code="c">20170106</subfield><subfield code="h">174625</subfield></datafield></record></collection>